<record><leader>00000cas a22000007a 4500</leader><controlfield tag="001">17737907</controlfield><controlfield tag="008">880405d184618uuohuuu ne      0    0eng d</controlfield><datafield ind1=" " ind2=" " tag="010"><subfield code="a">sn 88077342 </subfield></datafield><datafield ind1=" " ind2=" " tag="040"><subfield code="a">ONP</subfield><subfield code="b">eng</subfield><subfield code="c">ONP</subfield><subfield code="d">OCLCQ</subfield></datafield><datafield ind1=" " ind2=" " tag="042"><subfield code="a">msc</subfield></datafield><datafield ind1="0" ind2=" " tag="130"><subfield code="a">Rough and ready (Batavia, Ohio)</subfield></datafield><datafield ind1="1" ind2="0" tag="245"><subfield code="a">Rough and ready.</subfield></datafield><datafield ind1=" " ind2=" " tag="260"><subfield code="a">Batavia, O. [Ohio] :</subfield><subfield code="b">T.M. Lewis</subfield></datafield><datafield ind1="1" ind2=" " tag="362"><subfield code="a">Began in Aug. 1846?</subfield></datafield><datafield ind1=" " ind2=" " tag="588"><subfield code="a">Description based on: No. 4 (Sept. 15, 1846).</subfield></datafield><datafield ind1=" " ind2=" " tag="752"><subfield code="a">United States</subfield><subfield code="b">Ohio</subfield><subfield code="c">Clermont</subfield><subfield code="d">Batavia.</subfield></datafield></record>